<?xml version="1.0" encoding="UTF-8"?><record xmlns="http://www.loc.gov/MARC21/slim" xmlns:cinclude="http://apache.org/cocoon/include/1.0" xmlns:zs="http://www.loc.gov/zing/srw/">
  <leader>00325nz  a2200121n  4500</leader>
  <controlfield tag="001">nr2007005210</controlfield>
  <controlfield tag="003">DLC</controlfield>
  <controlfield tag="005">20070316075227.0</controlfield>
  <controlfield tag="008">070314n| acannaabn          |n aaa     c</controlfield>
  <datafield tag="010" ind1=" " ind2=" ">
    <subfield code="a">nr2007005210</subfield>
  </datafield>
  <datafield tag="040" ind1=" " ind2=" ">
    <subfield code="a">CSt</subfield>
    <subfield code="b">eng</subfield>
    <subfield code="c">CSt</subfield>
  </datafield>
  <datafield tag="100" ind1="1" ind2=" ">
    <subfield code="a">Thobaben, Henning</subfield>
  </datafield>
  <datafield tag="670" ind1=" " ind2=" ">
    <subfield code="a">Der Wasserkonflikt im Jordanbecken, 2005:</subfield>
    <subfield code="b">t.p. (Henning Thobaben)</subfield>
  </datafield>
</record>